@misc{Zuo,
	title={{Volcanoes and climate: sizing up the impact of the recent Hunga Tonga-Hunga Ha’apai volcanic eruption from a historical perspective}},
	author={Zuo, Meng and Zhou, Tianjun and Man, Wenmin and Chen, Xiaolong and Liu, Jian and Liu, Fei and Gao, Chaochao},
	year={2022},
	publisher={Springer}
}

@article{kubota2022global,
	title={{Global fast-traveling tsunamis driven by atmospheric Lamb waves on the 2022 Tonga eruption}},
	author={Kubota, Tatsuya and Saito, Tatsuhiko and Nishida, Kiwamu},
	journal={Science},
	volume={377},
	number={6601},
	pages={91--94},
	year={2022},
	publisher={American Association for the Advancement of Science}
}

@article{Astafyeva,
	author = {Astafyeva, E. and Maletckii, B. and Mikesell, T. D. and Munaibari, E. and Ravanelli, M. and Coisson, P. and Manta, F. and Rolland, L.},
	title = {{The 15 January 2022 Hunga Tonga Eruption History as Inferred From Ionospheric Observations}},
	journal = {Geophysical Research Letters},
	volume = {49},
	number = {10},
	pages = {e2022GL098827},
	keywords = {Hunga Tonga eruption, ionosphere, GNSS, eruption timeline, co-volcanic ionospheric disturbances, ionospheric geodesy},
	doi = {https://doi.org/10.1029/2022GL098827},
	url = {https://agupubs.onlinelibrary.wiley.com/doi/abs/10.1029/2022GL098827},
	eprint = {https://agupubs.onlinelibrary.wiley.com/doi/pdf/10.1029/2022GL098827},
	note = {e2022GL098827 2022GL098827},
		abstract = {Abstract On 15 January 2022, the Hunga Tonga-Hunga Ha’apai submarine volcano erupted violently and triggered a giant atmospheric shock wave and tsunami. The exact mechanism of this extraordinary eruptive event, its size and magnitude are not well understood yet. In this work, we analyze data from the nearest ground-based receivers of Global Navigation Satellite System to explore the ionospheric total electron content (TEC) response to this event. We show that the ionospheric response consists of a giant TEC increase followed by a strong long-lasting depletion. We observe that the explosive event of 15 January 2022 began at 04:05:54UT and consisted of at least five explosions. Based on the ionospheric TEC data, we estimate the energy released during the main major explosion to be between 9 and 37 Megatons in trinitrotoluene equivalent. This is the first detailed analysis of the eruption sequence scenario and the timeline from ionospheric TEC observations.},
	year = {2022}
}

@article{hong,
	title={{Two different properties of ionospheric perturbations detected in the vicinity of the Korean Peninsula after the Hunga-Tonga volcanic eruption on 15 January 2022}},
	author={Hong, Junseok and Kil, Hyosub and Lee, Woo Kyoung and Kwak, Young-Sil and Choi, Byung-Kyu and Paxton, Larry J},
	journal={Authorea Preprints},
	year={2022},
	publisher={Authorea}
}

@article{heki2022ionospheric,
	title={{Ionospheric signatures of repeated passages of atmospheric waves by the 2022 Jan. 15 Hunga Tonga-Hunga Ha’apai eruption detected by QZSS-TEC observations in Japan}},
	author={Heki, Kosuke},
	journal={Earth, Planets and Space},
	volume={74},
	number={1},
	pages={1--12},
	year={2022},
	publisher={SpringerOpen}
}

@article{bretherton1969lamb,
	title={{Lamb waves in a nearly isothermal atmosphere}},
	author={Bretherton, FP},
	journal={Quarterly Journal of the Royal Meteorological Society},
	volume={95},
	number={406},
	pages={754--757},
	year={1969},
	publisher={Wiley Online Library}
}


@article{Lamb,
	title={{On waves in an elastic plate}},
	author={Lamb, Horace},
	journal={Proceedings of the Royal Society of London. Series A.},
	volume={93},
	number={648},
	pages={114--128},
	year={1917},
	publisher={The Royal Society London}
}

@article{garrett1969atmospheric,
	title={{Atmospheric edge waves}},
	author={Garrett, CJR},
	journal={Quarterly Journal of the Royal Meteorological Society},
	volume={95},
	number={406},
	pages={731--753},
	year={1969},
	publisher={Wiley Online Library}
}

@book{lamb1932hydrodynamics,
	title={{Hydrodynamics}},
	author={Lamb, Horace},
	year={1932},
	edition ={Sixth},
	publisher={University Press}
}

@article{amores2022numerical,
	title={{Numerical simulation of atmospheric Lamb waves generated by the 2022 Hunga-Tonga volcanic eruption}},
	author={Amores, Angel and Monserrat, Sebastian and Marcos, Marta and Arg{\"u}eso, Daniel and Villalonga, Joan and Jord{\`a}, Gabriel and Gomis, Dami{\`a}},
	journal={Geophysical Research Letters},
	volume={49},
	number={6},
	pages={e2022GL098240},
	year={2022},
	publisher={Wiley Online Library}
}

@article{zhang2016seamless,
	title={{Seamless cross-scale modeling with SCHISM}},
	author={Zhang, Yinglong J and Ye, Fei and Stanev, Emil V and Grashorn, Sebastian},
	journal={Ocean Modelling},
	volume={102},
	pages={64--81},
	year={2016},
	publisher={Elsevier}
}

@article{zhang2008selfe,
	title={{SELFE: A semi-implicit Eulerian--Lagrangian finite-element model for cross-scale ocean circulation}},
	author={Zhang, Yinglong and Baptista, Antonio M},
	journal={Ocean modelling},
	volume={21},
	number={3-4},
	pages={71--96},
	year={2008},
	publisher={Elsevier}
}

@article{hersbach2018era51,
	title={{ERA5 hourly data on single levels from 1979 to present}},
	author={Hersbach, Hans and Bell, Bill and Berrisford, Paul and Biavati, Gionata and Hor{\'a}nyi, Andr{\'a}s and Mu{\~n}oz Sabater, Joaqu{\'\i}n and Nicolas, Julien and Peubey, Carole and Radu, Raluca and Rozum, Iryna and others},
	journal={Copernicus climate change service (c3s) climate data store (cds)},
	volume={10},
	number={10.24381},
	year={2018},
	publisher={ECMWF Reading, UK}
}


@article{hersbach2018era52,
	title={{ERA5 hourly data on single levels from 1979 to present}},
	author={Hersbach, Hans and Bell, Bill and Berrisford, Paul and Biavati, Gionata and Hor{\'a}nyi, Andr{\'a}s and Mu{\~n}oz Sabater, Joaqu{\'\i}n and Nicolas, Julien and Peubey, Carole and Radu, Raluca and Rozum, Iryna and others},
	journal={Copernicus climate change service (c3s) climate data store (cds)},
	volume={10},
	number={10.24381},
	year={2018},
	publisher={ECMWF Reading, UK}
}


@article{calhoun2017forestclaw,
	title={{ForestClaw: A parallel algorithm for patch-based adaptive mesh refinement on a forest of quadtrees}},
	author={Calhoun, Donna and Burstedde, Carsten},
	journal={arXiv preprint arXiv:1703.03116},
	year={2017}
}

@ARTICLE{BursteddeWilcoxGhattas11,
	author = {Carsten Burstedde and Lucas C. Wilcox and Omar Ghattas},
	title = {{{\texttt{p4est}}: Scalable Algorithms for Parallel Adaptive Mesh
	Refinement on Forests of Octrees}},
	journal = {SIAM Journal on Scientific Computing},
	volume = {33},
	number = {3},
	pages = {1103-1133},
	year = {2011},
	doi = {10.1137/100791634}
}

@misc{NASA,
    key = {National Aeronautics and Space Administration },
    title = {{NASA Eearth Observatory}},
    url={https://earthobservatory.nasa.gov/images/149474/tonga-volcano-plume-reached-the-mesosphere}, 
    journal={NASA}, 
    publisher={NASA}
} 

@article{carr2022stereo,
	title={{Stereo plume height and motion retrievals for the record-setting Hunga Tonga-Hunga Ha'apai eruption of 15 January 2022}},
	author={Carr, James L and Horv{\'a}th, {\'A}kos and Wu, Dong L and Friberg, Mariel D},
	journal={Geophysical Research Letters},
	volume={49},
	number={9},
	pages={e2022GL098131},
	year={2022},
	publisher={Wiley Online Library}
}

@article{wright2022surface,
	title={{Surface-to-space atmospheric waves from Hunga Tonga--Hunga Ha’apai eruption}},
	author={Wright, Corwin J and Hindley, Neil P and Alexander, M Joan and Barlow, Mathew and Hoffmann, Lars and Mitchell, Cathryn N and Prata, Fred and Bouillon, Marie and Carstens, Justin and Clerbaux, Cathy and others},
	journal={Nature},
	volume={609},
	number={7928},
	pages={741--746},
	year={2022},
	publisher={Nature Publishing Group UK London}
}

@article{mandli2016clawpack,
	title={{Clawpack: Building an open source ecosystem for solving hyperbolic PDEs}},
	author={Mandli, Kyle T and Ahmadia, Aron J and Berger, Marsha and Calhoun, Donna
	and George, David L and Hadjimichael, Yiannis and Ketcheson, David I
	and Lemoine, Grady I and LeVeque, Randall J},
	journal={PeerJ Computer Science},
	volume={2},
	pages={e68},
	year={2016},
	publisher={PeerJ Inc.},
	doi={10.7717/peerj-cs.68} }

@book{leveque2002finite,
	title={{Finite Volume Methods for Hyperbolic Problems}},
	author={LeVeque, Randall J},
	volume={31},
	year={2002},
	publisher={Cambridge University Press}
}
@article{calhoun2008logically,
	title={{Logically rectangular grids and finite volume methods for PDEs in circular and spherical domains}},
	author={Calhoun, Donna A and Helzel, Christiane and LeVeque, Randall J},
	journal={SIAM Review},
	volume={50},
	number={4},
	pages={723--752},
	year={2008},
	publisher={SIAM}
}

@article{greene2019climate,
  title={{The climate data toolbox for MATLAB}},
  author={Greene, Chad A and Thirumalai, Kaustubh and Kearney, Kelly A and Delgado, Jos{\'e} Miguel and Schwanghart, Wolfgang and Wolfenbarger, Natalie S and Thyng, Kristen M and Gwyther, David E and Gardner, Alex S and Blankenship, Donald D},
  journal={Geochemistry, Geophysics, Geosystems},
  volume={20},
  number={7},
  pages={3774--3781},
  year={2019},
  publisher={Wiley Online Library}
}

@article{leveque1997wave,
  title={{Wave propagation algorithms for multidimensional hyperbolic systems}},
  author={LeVeque, Randall J},
  journal={Journal of Computational Physics},
  volume={131},
  number={2},
  pages={327--353},
  year={1997},
  publisher={Elsevier}
}

@article{bale2003wave,
  title={{A wave propagation method for conservation laws and balance laws with spatially varying flux functions}},
  author={Bale, Derek S and Leveque, Randall J and Mitran, Sorin and Rossmanith, James A},
  journal={SIAM Journal on Scientific Computing},
  volume={24},
  number={3},
  pages={955--978},
  year={2003},
  publisher={SIAM}
}

@article{pant2014derivation,
  title={{Derivation and experimental validation of Lamb wave equations for an n-layered anisotropic composite laminate}},
  author={Pant, S and Laliberte, Jeremy and Martinez, Marcias and Rocha, B},
  journal={Composite Structures},
  volume={111},
  pages={566--579},
  year={2014},
  publisher={Elsevier}
}